4042 4734
472 285 621 361 32⁰
652 321 683 362 ἰ

470 495 661 546 nem.
763 485 897 540 aut
934 469 1287 566 injuriam
1320 461 1581 568 faciat
1634 466 2080 538 monasterio
2138 465 2258 538 vel
2313 461 2585 538 abbati.
2627 471 2636 480 ’
2685 482 2820 538 aut
2848 455 3172 568 familie.
3263 469 3329 540 si
3378 473 3634 550 autem

466 598 621 646 non
666 587 747 642 ut
796 573 1207 668 advcffatus
1234 569 1383 641 sed
1422 569 1678 663 pocius
1736 569 2284 662 calumpniator
2351 585 2422 638 et
2463 591 2820 663 pervasor
2879 573 3303 640 monasterii
3360 569 3630 674 fuerit.

472 677 773 748 omnino
816 687 1250 764 potestatem
1296 669 1565 742 habeat
1608 665 1861 756 Abbas
1912 695 2078 740 cum
2127 669 2422 742 consilio
2465 665 2801 766 fratrum
2869 670 3062 740 hunc
3097 672 3506 766 reprobare
3559 693 3632 749 et
3688 751 3696 758 ,

470 778 705 850 alium
750 772 883 844 sibi
934 774 1304 850 meliorem
1350 769 1825 869 undecunque
1884 772 2169 870 eligere.
2217 799 2226 810 ·
2281 773 2672 843 Constituit
2719 770 2966 864 {eciam
3031 763 3400 874 sepedicta
3468 789 3650 849 ma·-

472 865 695 950 troiia
744 891 825 944 ut
872 897 1007 946 -nos
1036 876 1277 969 -ipsius
1324 875 1669 971 petitione
1708 875 2114 942 statuimus.
2167 872 2422 968 'quod
2485 874 2546 942 si
2609 875 2970 967 quispiam
3027 897 3630 972 quarumcunque

466 999 949 1078 personarum
1016 973 1257 1048 homo.
1356 977 1653 1047 vineam
1710 970 1831 1046 vel
1890 995 2246 1046 mansum.
2356 989 2489 1043 aut
2559 973 3081 1044 molendinum.
3177 977 3301 1046 vel
3374 979 3628 1052 saltim

468 1103 700 1152 unum
744 1079 1213 1172 mancipium.
1311 1077 1431 1149 vel
1480 1077 1631 1148 tale
1709 1075 1987 1172 aliquid
2043 1100 2092 1147 a
2152 1075 2582 1168 supradicta
2647 1073 2830 1146 cella
2898 1071 3162 1170 injuste
3224 1075 3625 1157 abstulerit.

467 1197 553 1252 ut
602 1196 853 1251 nostra
906 1196 1467 1272 nostrorumque
1520 1199 2005 1248 successorum
2067 1181 2272 1280 regia
2337 1193 2694 1267 potestate
2743 1192 3076 1248 coactus.
3179 1181 3342 1248 auri
3394 1180 3628 1252 talen·

466 1297 631 1354 tum
668 1279 775 1352 ad
816 1283 1189 1351 aerarium
1232 1281 1419 1378 regis
1464 1279 1845 1374 persolvat
1890 1281 2228 1364 primitus
2297 1277 2584 1349 reddito
2643 1275 2926 1370 ecclesie
2989 1279 3190 1372 quod
3221 1275 3622 1356 invaserat.

466 1387 529 1454 si
574 1406 747 1455 vero
790 1379 1117 1476 quislibet
1162 1381 1454 1452 illorum
1494 1380 1692 1475 quod
1746 1377 1951 1450 absit.
2057 1395 2334 1451 curtem
2377 1379 2497 1451 vel
2538 1379 2866 1476 aliquam
2907 1379 3170 1451 villam
3207 1383 3407 1454 unde
3471 1388 3626 1456 vio·

468 1483 700 1556 lentus
745 1481 1305 1554 abalienaverit.
1410 1483 1561 1552 sive
1599 1475 2034 1580 manifestus
2071 1484 2374 1554 invasor
2409 1479 2772 1554 bonorum
2817 1483 3036 1574 ipsius
3065 1481 3239 1554 celle
3283 1487 3632 1566 extiterit.

470 1585 597 1660 vel
646 1586 705 1654 si
753 1585 890 1656 hoc
939 1597 1452 1655 testamentum
1504 1581 1927 1652 tradicionis
1976 1598 2045 1653 et
2091 1581 2442 1654 libertatis
2491 1605 2914 1677 quocunque
2979 1584 3272 1683 ingenio
3331 1609 3460 1657 seu
3509 1601 3663 1660 ar-‘

466 1695 821 1790 gumento
868 1685 1116 1787 legum
1136 1699 1149 1710 ”
1168 1685 1601 1755 secularium
1643 1699 2056 1777 pervertere
2115 1685 2236 1756 vel
2277 1677 2680 1786 infringere
2723 1687 3221 1761 attentaverit.
3337 1705 3632 1760 centum

467 1789 694 1860 libras
742 1779 915 1860 auri
960 1788 1064 1858 ad
1110 1789 1419 1887 regia'm-
1432 1785 1809 1880 persolvat
1846 1809 2224 1857 cameram
2287 1793 2362 1856 et
2409 1787 2676 1858 reddat
2723 1787 3058 1880 primitus
3097 1788 3380 1859 ecclesie
3427 1791 3633 1883 quod

466 1888 806 1962 ablatum
838 1883 1129 1986 fuerat.
1232 1903 1315 1957 ut
1364 1889 1461 1957 sic
1516 1888 1823 1958 intencio
1868 1885 2056 1956 illius
2115 1889 2322 1958 irrita
2357 1882 2540 1987 fiat.
2645 1889 3004 1958 IVIinistris
3056 1912 3335 1984 quoque
3393 1906 3466 1961 et
3491 1887 3633 1992 fa·

464 1989 662 2060 milie
702 1991 1126 2064 sanctuarii.
1230 1988 1489 2058 eadem
1554 1985 1960 2058 Berchta
2045 1990 2372 2059 concedit
2436 1987 2745 2058 eandem
2803 1989 3036 2090 legem
3089 2003 3160 2059 et
3207 1994 3632 2064 servitutem

468 2115 699 2188 quam
737 2105 965 2168 cetere
1016 2085 1361 2160 abbatiae
1416 2089 1495 2158 in
1552 2109 1781 2190 regno
1850 2103 2101 2161 nostro
2165 2088 2382 2160 libere
2435 2087 2728 2166 habent.
2811 2105 2916 2159 ,ut
2989 2105 3202 2161 tanto
3241 2087 3622 2192 fideliores

464 2192 823 2292 praelatis
864 2194 1011 2264 suis
1060 2213 1195 2286 per
1245 2190 1493 2261 omnia
1544 2191 1887 2261 serviant.
1988 2213 2204 2286 super
2267 2189 2398 2264 hec
2449 2194 2698 2262 omnia
2757 2193 3276 2286 Apostolicum
3333 2195 3624 2289 privile·
3659 2241 3666 2246 -

468 2293 679 2396 giam
726 2295 1107 2386 acquisivit
1156 2307 1229 2364 et
1270 2293 1659 2364 constituit.
1766 2307 1849 2360 ut
1898 2293 2108 2362 unus'
2147 2315 2408 2364 aureus
2453 2316 2804 2362 nummus
2863 2292 3166 2393 singulis
3211 2299 3424 2367 annis
3483 2305 3626 2372 Ro-

464 2419 677 2468 mam
721 2397 824 2468 ad
868 2395 1105 2466 altare
1146 2397 1381 2465 sancti
1406 2396 1627 2464 Petri
1684 2391 1779 2463 ab
1822 2391 2114 2464 Abbate
2167 2393 2652 2489 persolvatur.
2758 2417 2843 2465 eo
2901 2409 3154 2490 pacto·
3191 2411 3272 2464 ut
3337 2395 3626 2470 liberta·

464 2501 555 2568 tis
604 2501 801 2568 istius
822 2513 915 2569 ·et
952 2497 1379 2566 tradicionis
1447 2509 1731 2565 statuta
1784 2509 2028 2565 *tanto
2109 2493 2540 2589 perhennius
2601 2497 3022 2566 inconcussa
3109 2507 3615 2591 permaneant.
3704 2542 3716 2552 -

464 2616 549 2672 ut
589 2600 1001 2695 predictum
1051 2593 1475 2668 coenobium
1530 2594 1659 2667 sub
1707 2619 2021 2666 romano
2079 2595 2364 2666 ecclesie
2421 2594 2944 2669 mundiburdio
2973 2594 3046 2688 *)
3103 2613 3177 2668 et
3228 2601 3620 2696 majestate

463 2711 820 2779 securum.
923 2721 1203 2794 semper
1248 2695 1665 2770 stabiliatur
1686 2725 1693 2732 ·
1712 2713 1779 2766 et
1834 2691 2306 2796 defendatur.
2379 2699 2440 2767 si
2473 2692 2692 2799 forte
2733 2701 3096 2794 quispiam
3135 2703 3620 2794 quarumcun-

462 2827 599 2904 que
643 2802 865 2878 homo
910 2793 1390 2896 personarum
1452 2797 1651 2892 quod
1702 2793 1910 2867 absit.
2014 2815 2524 2869 testamentum
2579 2799 2736 2896 hoc.
2839 2801 2990 2872 ullo
3060 2803 3350 2902 ingenio
3401 2803 3624 2908 infir-

460 2929 673 2981 mare
710 2907 819 2976 rel
872 2899 1273 3003 infringere
1328 2900 1863 2995 presumpserit.
1966 2901 2028 2970 si
2104 2917 2352 2972 autem
2431 2901 2534 2976 id.
2639 2901 2838 2996 quod
2915 2899 3124 2974 absit.
3214 2905 3322 2976 ab
3367 2907 3618 3000 aliquo

468 3006 767 3082 diabolo
818 3006 1209 3102 instigante
1242 2997 1428 3102 fiet,
1474 2997 1815 3072 observat
1855 3001 2112 3072 eadem
2163 3017 2534 3075 matrona.
2637 3020 2720 3072 ut
2782 3001 3218 3104 testificatur
3280 3009 3626 3104 apostoli-

462 3135 631 3187 cum
672 3101 1097 3206 pentifieem
1135 3127 1269 3197 per
1318 3101 1681 3174 Christum
1722 3117 1793 3172 et
1834 3103 2042 3174 illum
2063 3101 2204 3194 'dei
2251 3119 2322 3173 et
2363 3107 2816 3175 sanctariu'm
2857 3107 3011 3200 ejus
3051 3125 3627 3196 contemptorem

466 3230 537 3287 et
588 3207 1125 3282 testamentarie
1167 3203 1383 3298 hujus
1428 3205 1977 3299 conscripcionis
2020 3205 2560 3276 destructorem.
2663 3209 2799 3276 nisi
2863 3209 3256 3302 resipuerit.
3359 3215 3626 3284 tradat

466 3311 797 3390 Sathane
848 3324 933 3379 et
967 3303 1533 3377 anathematizet
1586 3329 1753 3378 eum
1804 3329 1895 3374 ac
1934 3292 2292 3403 pro‘fanet
2349 3331 2398 3374 a
2445 3305 2890 3378 conscetibus·
2939 3324 3010 3377 et
3057 3307 3248 3409 filiis
3313 3315 3626 3386 ecclesie.

465 3414 760 3490 Predia·
786 3425 1035 3483 autem
1088 3407 1189 3478 ad
1238 3407 1651 3501 predictum
1696 3409 2221 3478 monasterium
2269 3429 2460 3477 nunc
2509 3411 2976 3508 pertinencia.
3018 3416 3200 3482 sicut
3249 3429 3332 3482 ut
3381 3418 3628 3510 ipsum

408 3577 423 3604 f
468 3515 865 3590 cenobium
918 3513 1053 3583 deo
1100 3523 1169 3581 et
1218 3523 1465 3579 sancte
1506 3509 1777 3579 Marie.
1882 3523 1964 3578 ut
1990 3509 2410 3604 predictum
2450 3525 2574 3579 est.
2677 3511 3012 3588 tradidit.
3079 3535 3246 3582 cum
3265 3549 3270 3564 =
3291 3515 3630 3590 omnibus

464 3600 877 3692 utensilibus
923 3615 1089 3684 suis.
1202 3611 1467 3680 seilicet
1516 3609 1837 3681 ecclesiis.
1926 3605 2304 3709 fabricis..
2370 3612 2647 3688 vinetis.
2751 3616 2978 3713 agris.
3075 3615 3294 3688 silvis.
3393 3643 3628 3692 vena-

462 3718 801 3798 eionibus.
904 3715 1209 3810 pascuis.
1278 3714 1545 3806 ·aquis.
1650 3733 2148 3804 aquarumque
2191 3703 2620 3791 decursibus.
2721 3713 3252 3808 piscationibus.
3347 3721 3626 3792 molen-

468 3825 675 3900 dinis.
780 3813 1087 3887 eaeitibus
1113 3829 1235 3884 *et
1324 3809 1742 3886 redditibus.
1862 3811 2071 3884 cultis
2133 3825 2206 3884 et
2263 3813 2568 3888 incultis.
2611 3847 2626 3862 ·
2673 3839 2844 3887 cum
2893 3818 3212 3890 terminis
3257 3817 3626 3922 legitimis.

548 4268 617 4346 ⁸)
660 4273 744 4327 So
784 4265 911 4329 viel
956 4265 1049 4326 als
1092 4247 1444 4352 defensio,
1488 4256 1731 4322 tutela.
1762 4263 1782 4280 ’“
